@Misc{raymond00:jargon,
  author =	 {Eric Raymond},
  title =	 {The Jargon file},
  howpublished = {Web page},
  month =	 jan,
  year =	 2000,
  note =	 {Version 4.2.0, \verb+http://www.tuxedo.org/~esr/jargon/+}
}
