@inproceedings{jegou2007contextual,
    title = {{A contextual dissimilarity measure for accurate and efficient image search}},
    year = {2007},
    booktitle = {Computer Vision and Pattern Recognition, 2007. CVPR'07. IEEE Conference on},
    author = {Jegou, H and Harzallah, H and Schmid, C},
    pages = {1--8},
    organization = {IEEE}
}

@inproceedings{tola2008fast,
    title = {{A fast local descriptor for dense matching}},
    year = {2008},
    booktitle = {Computer Vision and Pattern Recognition, 2008. CVPR 2008. IEEE Conference on},
    author = {Tola, E and Lepetit, V and Fua, P},
    pages = {1--8},
    organization = {Ieee}
}

@article{Tola2008,
    title = {{A fast local descriptor for dense matching}},
    year = {2008},
    journal = {Computer Vision and Pattern {\ldots}},
    author = {Tola, E and Lepetit, Vincent and Fua, P},
    url = {http://ieeexplore.ieee.org/xpls/abs_all.jsp?arnumber=4587673}
}

@inproceedings{lai2011large,
    title = {{A large-scale hierarchical multi-view rgb-d object dataset}},
    year = {2011},
    booktitle = {Robotics and Automation (ICRA), 2011 IEEE International Conference on},
    author = {Lai, K and Bo, L and Ren, X and Fox, D},
    pages = {1817--1824},
    organization = {IEEE}
}

@inproceedings{blum2012learned,
    title = {{A learned feature descriptor for object recognition in RGB-D data}},
    year = {2012},
    booktitle = {Robotics and Automation (ICRA), 2012 IEEE International Conference on},
    author = {Blum, M and Springenberg, J T and Wulfing, J and Riedmiller, M},
    pages = {1298--1303},
    organization = {IEEE}
}

@inproceedings{ojansivu2008,
    title = {{A Method for Blur and Affine Invariant Object Recognition Using Phase-Only Bispectrum}},
    year = {2008},
    booktitle = {Proceedings of the 5th international conference on Image Analysis and Recognition},
    author = {Ojansivu, Ville and Heikkil{\"{a}}, Janne},
    pages = {527--536},
    series = {ICIAR '08},
    publisher = {Springer-Verlag},
    url = {http://dx.doi.org/10.1007/978-3-540-69812-8_52},
    address = {Berlin, Heidelberg},
    isbn = {978-3-540-69811-1},
    doi = {10.1007/978-3-540-69812-8{\_}52}
}

@article{li2009new,
    title = {{A new framework for feature descriptor based on SIFT}},
    year = {2009},
    journal = {Pattern recognition letters},
    author = {Li, C and Ma, L},
    number = {5},
    pages = {544--557},
    volume = {30},
    publisher = {Elsevier}
}

@article{li2009newb,
    title = {{A new framework for feature descriptor based on SIFT}},
    year = {2009},
    journal = {Pattern recognition letters},
    author = {Li, C and Ma, L},
    number = {5},
    pages = {544--557},
    volume = {30},
    publisher = {Elsevier}
}

@article{mair2010adaptive,
    title = {{Adaptive and generic corner detection based on the accelerated segment test}},
    year = {2010},
    journal = {Computer Vision--ECCV 2010},
    author = {Mair, E and Hager, G and Burschka, D and Suppa, M and Hirzinger, G},
    pages = {183--196},
    publisher = {Springer}
}

@article{Eitz2010,
    title = {{An evaluation of descriptors for large-scale image retrieval from sketched feature lines}},
    year = {2010},
    journal = {Computers {\&} Graphics},
    author = {Eitz, Mathias and Hildebrand, Kristian and Boubekeur, Tamy and Alexa, Marc},
    number = {5},
    month = {10},
    pages = {482--498},
    volume = {34},
    url = {http://linkinghub.elsevier.com/retrieve/pii/S0097849310001068},
    doi = {10.1016/j.cag.2010.07.002},
    issn = {00978493},
    keywords = {image databases, image descriptors, mpeg-7, sketch-based image retrieval}
}

@inproceedings{indyk1998approximate,
    title = {{Approximate nearest neighbors: towards removing the curse of dimensionality}},
    year = {1998},
    booktitle = {Proceedings of the thirtieth annual ACM symposium on Theory of computing},
    author = {Indyk, P and Motwani, R},
    pages = {604--613},
    organization = {ACM}
}

@article{Morel2009,
    title = {{ASIFT: A new framework for fully affine invariant image comparison}},
    year = {2009},
    journal = {SIAM Journal on Imaging Sciences},
    author = {Morel, JM and Yu, G},
    pages = {91128},
    url = {http://csce.uark.edu/~jgauch/library/Stitching/Morel.2009.pdf}
}

@article{morel2009asift,
    title = {{ASIFT: A new framework for fully affine invariant image comparison}},
    year = {2009},
    journal = {SIAM Journal on Imaging Sciences},
    author = {Morel, J M and Yu, G},
    number = {2},
    pages = {438--469},
    volume = {2},
    publisher = {Society for Industrial and Applied Mathematics}
}

@article{cronje2011bfrost,
    title = {{BFROST: binary features from robust orientation segment tests accelerated on the GPU}},
    year = {2011},
    author = {Cronje, J}
}

@article{cronje2011bfrostb,
    title = {{BFROST: binary features from robust orientation segment tests accelerated on the GPU}},
    year = {2011},
    author = {Cronje, J}
}

@article{cronje2011bfrostc,
    title = {{BFROST: binary features from robust orientation segment tests accelerated on the GPU}},
    year = {2011},
    author = {Cronje, J}
}

@article{cronje2011bfrostd,
    title = {{BFROST: binary features from robust orientation segment tests accelerated on the GPU}},
    year = {2011},
    author = {Cronje, J}
}

@article{cronje2011bfroste,
    title = {{BFROST: binary features from robust orientation segment tests accelerated on the GPU}},
    year = {2011},
    author = {Cronje, J}
}

@article{Stommel2009a,
    title = {{Binarising SIFT-Descriptors to Reduce the Curse of Dimensionality in Histogram-Based Object Recognition}},
    year = {2009},
    journal = {{\ldots} , Image Processing and Pattern Recognition},
    author = {Stommel, Martin and Herzog, O},
    number = {1},
    pages = {25--36},
    volume = {3},
    url = {http://www.springerlink.com/index/P891763Q34G88434.pdf},
    keywords = {binarisation, clustering, curse of dimensionality, object recognition, sift}
}

@article{calonder2010brief,
    title = {{Brief: Binary robust independent elementary features}},
    year = {2010},
    journal = {Computer Vision--ECCV 2010},
    author = {Calonder, M and Lepetit, V and Strecha, C and Fua, P},
    pages = {778--792},
    publisher = {Springer}
}

@inproceedings{leutenegger2011brisk,
    title = {{Brisk: Binary robust invariant scalable keypoints}},
    year = {2011},
    booktitle = {Computer Vision (ICCV), 2011 IEEE International Conference on},
    author = {Leutenegger, S and Chli, M and Siegwart, R Y},
    pages = {2548--2555},
    organization = {IEEE}
}

@inproceedings{leutenegger2011briskb,
    title = {{Brisk: Binary robust invariant scalable keypoints}},
    year = {2011},
    booktitle = {Computer Vision (ICCV), 2011 IEEE International Conference on},
    author = {Leutenegger, S and Chli, M and Siegwart, R Y},
    pages = {2548--2555},
    organization = {IEEE}
}

@inproceedings{leutenegger2011briskc,
    title = {{Brisk: Binary robust invariant scalable keypoints}},
    year = {2011},
    booktitle = {Computer Vision (ICCV), 2011 IEEE International Conference on},
    author = {Leutenegger, S and Chli, M and Siegwart, R Y},
    pages = {2548--2555},
    organization = {IEEE}
}

@inproceedings{leutenegger2011briskd,
    title = {{Brisk: Binary robust invariant scalable keypoints}},
    year = {2011},
    booktitle = {Computer Vision (ICCV), 2011 IEEE International Conference on},
    author = {Leutenegger, S and Chli, M and Siegwart, R Y},
    pages = {2548--2555},
    organization = {IEEE}
}

@article{Le2012a,
    title = {{Building High-level Features Using Large Scale Unsupervised Learning}},
    year = {2012},
    author = {Le, Quoc V and Ranzato, Marc Aurelio and Devin, Matthieu and Corrado, Greg S and Ng, Andrew Y}
}

@article{He2011a,
    title = {{Compact hashing with joint optimization of search accuracy and time}},
    year = {2011},
    journal = {Cvpr 2011},
    author = {He, Junfeng and Chang, Shih-Fu and Radhakrishnan, Regunathan and Bauer, Claus},
    month = {6},
    pages = {753--760},
    publisher = {Ieee},
    url = {http://ieeexplore.ieee.org/lpdocs/epic03/wrapper.htm?arnumber=5995518},
    isbn = {978-1-4577-0394-2},
    doi = {10.1109/CVPR.2011.5995518}
}

@inproceedings{xu2011complementary,
    title = {{Complementary hashing for approximate nearest neighbor search}},
    year = {2011},
    booktitle = {Computer Vision (ICCV), 2011 IEEE International Conference on},
    author = {Xu, H and Wang, J and Li, Z and Zeng, G and Li, S and Yu, N},
    pages = {1631--1638},
    organization = {IEEE}
}

@article{kangconnecting,
    title = {{Connecting Missing Links: Object Discovery from Sparse Observations Using 5 Million Product Images}},
    author = {Kang, H and Hebert, M and Efros, A A and Kanade, T}
}

@article{kangconnectingb,
    title = {{Connecting Missing Links: Object Discovery from Sparse Observations Using 5 Million Product Images}},
    author = {Kang, H and Hebert, M and Efros, A A and Kanade, T}
}

@article{kangconnectingc,
    title = {{Connecting Missing Links: Object Discovery from Sparse Observations Using 5 Million Product Images}},
    author = {Kang, H and Hebert, M and Efros, A A and Kanade, T}
}

@article{kangconnectingd,
    title = {{Connecting Missing Links: Object Discovery from Sparse Observations Using 5 Million Product Images}},
    author = {Kang, H and Hebert, M and Efros, A A and Kanade, T}
}

@inproceedings{wang2011contextual,
    title = {{Contextual weighting for vocabulary tree based image retrieval}},
    year = {2011},
    booktitle = {Computer Vision (ICCV), 2011 IEEE International Conference on},
    author = {Wang, X and Yang, M and Cour, T and Zhu, S and Yu, K and Han, T X},
    pages = {209--216},
    organization = {IEEE}
}

@inproceedings{wang2011contextualb,
    title = {{Contextual weighting for vocabulary tree based image retrieval}},
    year = {2011},
    booktitle = {Computer Vision (ICCV), 2011 IEEE International Conference on},
    author = {Wang, X and Yang, M and Cour, T and Zhu, S and Yu, K and Han, T X},
    pages = {209--216},
    organization = {IEEE}
}

@inproceedings{wang2011contextualc,
    title = {{Contextual weighting for vocabulary tree based image retrieval}},
    year = {2011},
    booktitle = {Computer Vision (ICCV), 2011 IEEE International Conference on},
    author = {Wang, X and Yang, M and Cour, T and Zhu, S and Yu, K and Han, T X},
    pages = {209--216},
    organization = {IEEE}
}

@inproceedings{wang2011contextuald,
    title = {{Contextual weighting for vocabulary tree based image retrieval}},
    year = {2011},
    booktitle = {Computer Vision (ICCV), 2011 IEEE International Conference on},
    author = {Wang, X and Yang, M and Cour, T and Zhu, S and Yu, K and Han, T X},
    pages = {209--216},
    organization = {IEEE}
}

@inproceedings{hundel2012dnets,
    title = {{D-Nets: Beyond patch-based image descriptors}},
    year = {2012},
    booktitle = {2012 IEEE Conference on Computer Vision and Pattern Recognition},
    author = {von Hundelshausen, Felix and Sukthankar, Rahul},
    month = {6},
    pages = {2941--2948},
    publisher = {IEEE},
    url = {http://ieeexplore.ieee.org/lpdocs/epic03/wrapper.htm?arnumber=6248022},
    isbn = {978-1-4673-1228-8},
    doi = {10.1109/CVPR.2012.6248022},
    issn = {1063-6919},
    keywords = {D-Nets, ORB, SIFT, computational efficiency, descripto}
}

@article{VonHundelshausen2012,
    title = {{D-Nets: Beyond patch-based image descriptors}},
    year = {2012},
    journal = {2012 IEEE Conference on Computer Vision and Pattern Recognition},
    author = {von Hundelshausen, F. and Sukthankar, R.},
    month = {6},
    pages = {2941--2948},
    publisher = {Ieee},
    url = {http://ieeexplore.ieee.org/lpdocs/epic03/wrapper.htm?arnumber=6248022},
    isbn = {978-1-4673-1228-8},
    doi = {10.1109/CVPR.2012.6248022}
}

@article{lin2012density,
    title = {{Density Sensitive Hashing}},
    year = {2012},
    journal = {Arxiv preprint arXiv:1205.2930},
    author = {Lin, Y and Cai, D and Li, C}
}

@article{Batchelor2013,
    title = {{Deputy Vice-Chancellor ' s Office PhD Research Proposal Registration due}},
    year = {2013},
    author = {Batchelor, Oliver},
    pages = {7001}
}

@inproceedings{epshtein2010detecting,
    title = {{Detecting text in natural scenes with stroke width transform}},
    year = {2010},
    booktitle = {Computer Vision and Pattern Recognition (CVPR), 2010 IEEE Conference on},
    author = {Epshtein, B and Ofek, E and Wexler, Y},
    pages = {2963--2970},
    organization = {IEEE}
}

@inproceedings{epshtein2010detectingb,
    title = {{Detecting text in natural scenes with stroke width transform}},
    year = {2010},
    booktitle = {Computer Vision and Pattern Recognition (CVPR), 2010 IEEE Conference on},
    author = {Epshtein, B and Ofek, E and Wexler, Y},
    pages = {2963--2970},
    organization = {IEEE}
}

@inproceedings{kang2011discovering,
    title = {{Discovering object instances from scenes of Daily Living}},
    year = {2011},
    booktitle = {Computer Vision (ICCV), 2011 IEEE International Conference on},
    author = {Kang, H and Hebert, M and Kanade, T},
    pages = {762--769},
    organization = {IEEE}
}

@article{brown2011discriminative,
    title = {{Discriminative learning of local image descriptors}},
    year = {2011},
    journal = {Pattern Analysis and Machine Intelligence, IEEE Transactions on},
    author = {Brown, M and Hua, G and Winder, S},
    number = {1},
    pages = {43--57},
    volume = {33},
    publisher = {IEEE}
}

@article{brown2011discriminativeb,
    title = {{Discriminative learning of local image descriptors}},
    year = {2011},
    journal = {Pattern Analysis and Machine Intelligence, IEEE Transactions on},
    author = {Brown, M and Hua, G and Winder, S},
    number = {1},
    pages = {43--57},
    volume = {33},
    publisher = {IEEE}
}

@article{brown2011discriminativec,
    title = {{Discriminative learning of local image descriptors}},
    year = {2011},
    journal = {Pattern Analysis and Machine Intelligence, IEEE Transactions on},
    author = {Brown, M and Hua, G and Winder, S},
    number = {1},
    pages = {43--57},
    volume = {33},
    publisher = {IEEE}
}

@article{brown2011discriminatived,
    title = {{Discriminative learning of local image descriptors}},
    year = {2011},
    journal = {Pattern Analysis and Machine Intelligence, IEEE Transactions on},
    author = {Brown, M and Hua, G and Winder, S},
    number = {1},
    pages = {43--57},
    volume = {33},
    publisher = {IEEE}
}

@article{lowe2004distinctive,
    title = {{Distinctive image features from scale-invariant keypoints}},
    year = {2004},
    journal = {International journal of computer vision},
    author = {Lowe, D G},
    number = {2},
    pages = {91--110},
    volume = {60},
    publisher = {Springer}
}

@article{Lowe2004,
    title = {{Distinctive Image Features from Scale-Invariant Keypoints}},
    year = {2004},
    journal = {International Journal of Computer Vision},
    author = {Lowe, David G.},
    number = {2},
    month = {11},
    pages = {91--110},
    volume = {60},
    url = {http://www.springerlink.com/openurl.asp?id=doi:10.1023/B:VISI.0000029664.99615.94},
    doi = {10.1023/B:VISI.0000029664.99615.94},
    issn = {0920-5691}
}

@article{lowe2004distinctiveb,
    title = {{Distinctive image features from scale-invariant keypoints}},
    year = {2004},
    journal = {International journal of computer vision},
    author = {Lowe, D G},
    number = {2},
    pages = {91--110},
    volume = {60},
    publisher = {Springer}
}

@article{lowe2004distinctivec,
    title = {{Distinctive image features from scale-invariant keypoints}},
    year = {2004},
    journal = {International journal of computer vision},
    author = {Lowe, David G.},
    number = {2},
    month = {11},
    pages = {91--110},
    volume = {60},
    publisher = {Springer},
    url = {http://www.springerlink.com/openurl.asp?id=doi:10.1023/B:VISI.0000029664.99615.94},
    doi = {10.1023/B:VISI.0000029664.99615.94},
    issn = {0920-5691}
}

@article{Lowe2004b,
    title = {{Distinctive Image Features from Scale-Invariant Keypoints}},
    year = {2004},
    journal = {International Journal of Computer Vision},
    author = {Lowe, David G.},
    number = {2},
    month = {11},
    pages = {91--110},
    volume = {60},
    publisher = {Springer},
    url = {http://www.springerlink.com/openurl.asp?id=doi:10.1023/B:VISI.0000029664.99615.94},
    doi = {10.1023/B:VISI.0000029664.99615.94},
    issn = {0920-5691}
}

@article{Lowe2004c,
    title = {{Distinctive Image Features from Scale-Invariant Keypoints}},
    year = {2004},
    journal = {International Journal of Computer Vision},
    author = {Lowe, David G.},
    number = {2},
    month = {11},
    pages = {91--110},
    volume = {60},
    publisher = {Springer},
    url = {http://www.springerlink.com/openurl.asp?id=doi:10.1023/B:VISI.0000029664.99615.94},
    doi = {10.1023/B:VISI.0000029664.99615.94},
    issn = {0920-5691}
}

@phdthesis{Alcantara2012,
    title = {{Efficient Hash Tables on the GPU}},
    year = {2012},
    author = {Alcantara, DAF},
    url = {http://gradworks.umi.com/34/82/3482095.html}
}

@article{Wang2011a,
    title = {{Efficient re-ranking in vocabulary tree based image retrieval}},
    year = {2011},
    journal = {2011 Conference Record of the Forty Fifth Asilomar Conference on Signals, Systems and Computers (ASILOMAR)},
    author = {Wang, Xiaoyu and Yang, Ming and Yu, Kai},
    month = {11},
    pages = {855--859},
    publisher = {Ieee},
    url = {http://ieeexplore.ieee.org/lpdocs/epic03/wrapper.htm?arnumber=6190129},
    isbn = {978-1-4673-0323-1},
    doi = {10.1109/ACSSC.2011.6190129}
}

@article{wangefficient,
    title = {{Efficient Re-ranking in Vocabulary Tree based Image Retrieval}},
    author = {Wang, X and Yang, M and Yu, K}
}

@article{sivic2009efficient,
    title = {{Efficient visual search of videos cast as text retrieval}},
    year = {2009},
    journal = {Pattern Analysis and Machine Intelligence, IEEE Transactions on},
    author = {Sivic, J and Zisserman, A},
    number = {4},
    pages = {591--606},
    volume = {31},
    publisher = {IEEE}
}

@article{sivic2009efficientb,
    title = {{Efficient visual search of videos cast as text retrieval}},
    year = {2009},
    journal = {Pattern Analysis and Machine Intelligence, IEEE Transactions on},
    author = {Sivic, J and Zisserman, A},
    number = {4},
    pages = {591--606},
    volume = {31},
    publisher = {IEEE}
}

@article{sivic2009efficientc,
    title = {{Efficient visual search of videos cast as text retrieval}},
    year = {2009},
    journal = {Pattern Analysis and Machine Intelligence, IEEE Transactions on},
    author = {Sivic, J and Zisserman, A},
    number = {4},
    pages = {591--606},
    volume = {31},
    publisher = {IEEE}
}

@article{sivic2009efficientd,
    title = {{Efficient visual search of videos cast as text retrieval}},
    year = {2009},
    journal = {Pattern Analysis and Machine Intelligence, IEEE Transactions on},
    author = {Sivic, J and Zisserman, A},
    number = {4},
    pages = {591--606},
    volume = {31},
    publisher = {IEEE}
}

@article{Sivic2009,
    title = {{Efficient visual search of videos cast as text retrieval.}},
    year = {2009},
    journal = {IEEE transactions on pattern analysis and machine intelligence},
    author = {Sivic, Josef and Zisserman, Andrew},
    number = {4},
    month = {4},
    pages = {591--606},
    volume = {31},
    url = {http://www.ncbi.nlm.nih.gov/pubmed/19229077},
    doi = {10.1109/TPAMI.2008.111},
    issn = {0162-8828},
    pmid = {19229077}
}

@article{Douze2009,
    title = {{Evaluation of GIST descriptors for web-scale image search}},
    year = {2009},
    journal = {Proceeding of the ACM International Conference on Image and Video Retrieval - CIVR '09},
    author = {Douze, Matthijs and J{\'{e}}gou, Hervé and Sandhawalia, Harsimrat and Amsaleg, Laurent and Schmid, Cordelia},
    pages = {1},
    publisher = {ACM Press},
    url = {http://portal.acm.org/citation.cfm?doid=1646396.1646421},
    address = {New York, New York, USA},
    isbn = {9781605584805},
    doi = {10.1145/1646396.1646421}
}

@inproceedings{douze2009evaluation,
    title = {{Evaluation of gist descriptors for web-scale image search}},
    year = {2009},
    booktitle = {Proceedings of the ACM International Conference on Image and Video Retrieval},
    author = {Douze, M and J{\'{e}}gou, H and Sandhawalia, H and Amsaleg, L and Schmid, C},
    pages = {19},
    organization = {ACM}
}

@article{douze2009evaluationb,
    title = {{Evaluation of GIST descriptors for web-scale image search}},
    year = {2009},
    journal = {Proceeding of the ACM International Conference on Image and Video Retrieval - CIVR '09},
    author = {Douze, Matthijs and J{\'{e}}gou, Hervé and Sandhawalia, Harsimrat and Amsaleg, Laurent and Schmid, Cordelia},
    pages = {1},
    publisher = {ACM Press},
    url = {http://portal.acm.org/citation.cfm?doid=1646396.1646421},
    institution = {ACM},
    address = {New York, New York, USA},
    isbn = {9781605584805},
    doi = {10.1145/1646396.1646421}
}

@article{ozuysal2010fast,
    title = {{Fast keypoint recognition using random ferns}},
    year = {2010},
    journal = {Pattern Analysis and Machine Intelligence, IEEE Transactions on},
    author = {Ozuysal, M and Calonder, M and Lepetit, V and Fua, P},
    number = {3},
    pages = {448--461},
    volume = {32},
    publisher = {IEEE}
}

@article{Ozuysal2010,
    title = {{Fast keypoint recognition using random ferns.}},
    year = {2010},
    journal = {IEEE transactions on pattern analysis and machine intelligence},
    author = {Ozuysal, Mustafa and Calonder, Michael and Lepetit, Vincent and Fua, Pascal},
    number = {3},
    month = {3},
    pages = {448--61},
    volume = {32},
    url = {http://www.ncbi.nlm.nih.gov/pubmed/20075471},
    doi = {10.1109/TPAMI.2009.23},
    issn = {1939-3539},
    pmid = {20075471}
}

@inproceedings{muja2012fast,
    title = {{Fast Matching of Binary Features}},
    year = {2012},
    booktitle = {2012 Ninth Conference on Computer and Robot Vision},
    author = {Muja, M and Lowe, D G},
    pages = {404--410},
    organization = {IEEE}
}

@inproceedings{muja2012fastb,
    title = {{Fast Matching of Binary Features}},
    year = {2012},
    booktitle = {2012 Ninth Conference on Computer and Robot Vision},
    author = {Muja, M and Lowe, D G},
    pages = {404--410},
    organization = {IEEE}
}

@inproceedings{muja2012fastc,
    title = {{Fast Matching of Binary Features}},
    year = {2012},
    booktitle = {2012 Ninth Conference on Computer and Robot Vision},
    author = {Muja, M and Lowe, D G},
    pages = {404--410},
    organization = {IEEE}
}

@inproceedings{muja2012fastd,
    title = {{Fast Matching of Binary Features}},
    year = {2012},
    booktitle = {2012 Ninth Conference on Computer and Robot Vision},
    author = {Muja, M and Lowe, D G},
    pages = {404--410},
    organization = {IEEE}
}

@inproceedings{muja2012faste,
    title = {{Fast Matching of Binary Features}},
    year = {2012},
    booktitle = {2012 Ninth Conference on Computer and Robot Vision},
    author = {Muja, Marius and Lowe, David G.},
    month = {5},
    pages = {404--410},
    publisher = {Ieee},
    url = {http://ieeexplore.ieee.org/lpdocs/epic03/wrapper.htm?arnumber=6233169},
    organization = {IEEE},
    isbn = {978-1-4673-1271-4},
    doi = {10.1109/CRV.2012.60},
    keywords = {-nearest neighbors, binary fea-, feature matching}
}

@inproceedings{muja2012fastf,
    title = {{Fast Matching of Binary Features}},
    year = {2012},
    booktitle = {2012 Ninth Conference on Computer and Robot Vision},
    author = {Muja, Marius and Lowe, David G.},
    month = {5},
    pages = {404--410},
    publisher = {Ieee},
    url = {http://ieeexplore.ieee.org/lpdocs/epic03/wrapper.htm?arnumber=6233169},
    organization = {IEEE},
    isbn = {978-1-4673-1271-4},
    doi = {10.1109/CRV.2012.60},
    keywords = {-nearest neighbors, binary fea-, feature matching}
}

@inproceedings{norouzi2012fast,
    title = {{Fast search in Hamming space with multi-index hashing}},
    year = {2012},
    booktitle = {Computer Vision and Pattern Recognition (CVPR), 2012 IEEE Conference on},
    author = {Norouzi, M and Punjani, A and Fleet, D J},
    pages = {3108--3115},
    organization = {IEEE}
}

@inproceedings{Norouzi2012,
    title = {{Fast search in Hamming space with multi-index hashing}},
    year = {2012},
    booktitle = {2012 IEEE Conference on Computer Vision and Pattern Recognition},
    author = {Norouzi, Mohammad and Punjani, Ali and Fleet, David J},
    month = {6},
    pages = {3108--3115},
    publisher = {IEEE},
    url = {http://ieeexplore.ieee.org/lpdocs/epic03/wrapper.htm?arnumber=6248043},
    isbn = {978-1-4673-1228-8},
    doi = {10.1109/CVPR.2012.6248043}
}

@inproceedings{Norouzi2012b,
    title = {{Fast search in Hamming space with multi-index hashing}},
    year = {2012},
    booktitle = {2012 IEEE Conference on Computer Vision and Pattern Recognition},
    author = {Norouzi, Mohammad and Punjani, Ali and Fleet, David J},
    month = {6},
    pages = {3108--3115},
    publisher = {IEEE},
    url = {http://ieeexplore.ieee.org/lpdocs/epic03/wrapper.htm?arnumber=6248043},
    organization = {IEEE},
    isbn = {978-1-4673-1228-8},
    doi = {10.1109/CVPR.2012.6248043}
}

@inproceedings{Norouzi2012c,
    title = {{Fast search in Hamming space with multi-index hashing}},
    year = {2012},
    booktitle = {2012 IEEE Conference on Computer Vision and Pattern Recognition},
    author = {Norouzi, Mohammad and Punjani, Ali and Fleet, David J},
    month = {6},
    pages = {3108--3115},
    publisher = {IEEE},
    url = {http://ieeexplore.ieee.org/lpdocs/epic03/wrapper.htm?arnumber=6248043},
    organization = {IEEE},
    isbn = {978-1-4673-1228-8},
    doi = {10.1109/CVPR.2012.6248043}
}

@article{rosten2009faster,
    title = {{Faster and better: A machine learning approach to corner detection}},
    year = {2009},
    journal = {IEEE Transactions on Pattern Analysis and Machine Intelligence},
    author = {Rosten, E and Porter, R and Drummond, T},
    number = {1},
    pages = {105},
    volume = {22}
}

@article{rosten2010faster,
    title = {{Faster and better: a machine learning approach to corner detection}},
    year = {2010},
    journal = {Pattern Analysis and Machine Intelligence, IEEE Transactions on},
    author = {Rosten, E and Porter, R and Drummond, T},
    number = {1},
    pages = {105--119},
    volume = {32},
    publisher = {IEEE}
}

@article{rosten2010fasterb,
    title = {{Faster and better: A machine learning approach to corner detection}},
    year = {2009},
    journal = {IEEE Transactions on Pattern Analysis and Machine Intelligence},
    author = {Rosten, E and Porter, R and Drummond, T},
    number = {1},
    pages = {105},
    volume = {22},
    publisher = {IEEE}
}

@article{rosten2010fasterc,
    title = {{Faster and better: a machine learning approach to corner detection}},
    year = {2010},
    journal = {Pattern Analysis and Machine Intelligence, IEEE Transactions on},
    author = {Rosten, E and Porter, R and Drummond, T},
    number = {1},
    pages = {105--119},
    volume = {32},
    publisher = {IEEE}
}

@article{rosten2010fasterd,
    title = {{Faster and better: a machine learning approach to corner detection}},
    year = {2010},
    journal = {Pattern Analysis and Machine Intelligence, IEEE Transactions on},
    author = {Rosten, E and Porter, R and Drummond, T},
    number = {1},
    pages = {105--119},
    volume = {32},
    publisher = {IEEE}
}

@article{rosten2010fastere,
    title = {{Faster and better: a machine learning approach to corner detection}},
    year = {2010},
    journal = {Pattern Analysis and Machine Intelligence, IEEE Transactions on},
    author = {Rosten, E and Porter, R and Drummond, T},
    number = {1},
    pages = {105--119},
    volume = {32},
    publisher = {IEEE}
}

@article{rosten2010fasterf,
    title = {{Faster and better: a machine learning approach to corner detection}},
    year = {2010},
    journal = {Pattern Analysis and Machine Intelligence, IEEE Transactions on},
    author = {Rosten, E and Porter, R and Drummond, T},
    number = {1},
    pages = {105--119},
    volume = {32},
    publisher = {IEEE}
}

@inproceedings{alahi2012freak,
    title = {{FREAK: Fast Retina Keypoint}},
    year = {2012},
    booktitle = {IEEE Conference on Computer Vision and Pattern Recognition (To Appear)},
    author = {Alahi, A and Ortiz, R and Vandergheynst, P}
}

@article{pang2012fully,
    title = {{Fully affine invariant SURF for image matching}},
    year = {2012},
    journal = {Neurocomputing},
    author = {Pang, Y and Li, W and Yuan, Y and Pan, J},
    publisher = {Elsevier}
}

@inproceedings{moulin2010fusion,
    title = {{Fusion of tf. idf weighted bag of visual features for image classification}},
    year = {2010},
    booktitle = {Content-Based Multimedia Indexing (CBMI), 2010 International Workshop on},
    author = {Moulin, C and Barat, C and Ducottet, C},
    pages = {1--6},
    organization = {IEEE}
}

@inproceedings{chum2009geometric,
    title = {{Geometric min-hashing: Finding a (thick) needle in a haystack}},
    year = {2009},
    booktitle = {Computer Vision and Pattern Recognition, 2009. CVPR 2009. IEEE Conference on},
    author = {Chum, O and Perdoch, M and Matas, J},
    pages = {17--24},
    organization = {IEEE}
}

@inproceedings{Chum2009,
    title = {{Geometric min-Hashing: Finding a (thick) needle in a haystack}},
    year = {2009},
    booktitle = {2009 IEEE Conference on Computer Vision and Pattern Recognition},
    author = {Chum, O and Perdoch, M and Matas, J},
    month = {6},
    pages = {17--24},
    publisher = {IEEE},
    url = {http://ieeexplore.ieee.org/xpls/abs_all.jsp?arnumber=5206531 http://ieeexplore.ieee.org/lpdocs/epic03/wrapper.htm?arnumber=5206531},
    isbn = {978-1-4244-3992-8},
    doi = {10.1109/CVPR.2009.5206531}
}

@inproceedings{chum2009geometricb,
    title = {{Geometric min-hashing: Finding a (thick) needle in a haystack}},
    year = {2009},
    booktitle = {Computer Vision and Pattern Recognition, 2009. CVPR 2009. IEEE Conference on},
    author = {Chum, O and Perdoch, M and Matas, J},
    month = {6},
    pages = {17--24},
    publisher = {IEEE},
    url = {http://ieeexplore.ieee.org/xpls/abs_all.jsp?arnumber=5206531 http://ieeexplore.ieee.org/lpdocs/epic03/wrapper.htm?arnumber=5206531},
    organization = {IEEE},
    isbn = {978-1-4244-3992-8},
    doi = {10.1109/CVPR.2009.5206531}
}

@misc{TheMendeleySupportTeam2011a,
    title = {{Getting Started with Mendeley}},
    year = {2011},
    booktitle = {Mendeley Desktop},
    author = {{The Mendeley Support Team}},
    pages = {1--16},
    publisher = {Mendeley Ltd.},
    url = {http://www.mendeley.com},
    address = {London},
    keywords = {Mendeley, how-to, user manual}
}

@article{jegou2008hamming,
    title = {{Hamming embedding and weak geometric consistency for large scale image search}},
    year = {2008},
    journal = {Computer Vision--ECCV 2008},
    author = {Jegou, H and Douze, M and Schmid, C},
    pages = {304--317},
    publisher = {Springer}
}

@article{jegou2008hammingb,
    title = {{Hamming embedding and weak geometric consistency for large scale image search}},
    year = {2008},
    journal = {Computer Vision--ECCV 2008},
    author = {Jegou, H and Douze, M and Schmid, C},
    pages = {304--317},
    publisher = {Springer}
}

@article{jegou2008hammingc,
    title = {{Hamming embedding and weak geometric consistency for large scale image search}},
    year = {2008},
    journal = {Computer Vision--ECCV 2008},
    author = {Jegou, H and Douze, M and Schmid, C},
    pages = {304--317},
    publisher = {Springer}
}

@inproceedings{kang2011image,
    title = {{Image matching with distinctive visual vocabulary}},
    year = {2011},
    booktitle = {Applications of Computer Vision (WACV), 2011 IEEE Workshop on},
    author = {Kang, H and Hebert, M and Kanade, T},
    pages = {402--409},
    organization = {IEEE}
}

@inproceedings{kang2011imageb,
    title = {{Image matching with distinctive visual vocabulary}},
    year = {2011},
    booktitle = {Applications of Computer Vision (WACV), 2011 IEEE Workshop on},
    author = {Kang, H and Hebert, M and Kanade, T},
    pages = {402--409},
    organization = {IEEE}
}

@article{jignesh2012,
    title = {{Image Registration Using Log Polar Transform and Phase Correlation to Recover Higher Scale}},
    year = {2012},
    journal = {Journal of Pattern Recognition Research},
    author = {JIGNESH NATVARLAL SARVAIYA Dr. Suprava Patnaik, Kajal Kothari}
}

@article{zokai2005image,
    title = {{Image registration using log-polar mappings for recovery of large-scale similarity and projective transformations}},
    year = {2005},
    journal = {Image Processing, IEEE Transactions on},
    author = {Zokai, S and Wolberg, G},
    number = {10},
    pages = {1422--1434},
    volume = {14},
    publisher = {IEEE}
}

@article{zokai2005imageb,
    title = {{Image registration using log-polar mappings for recovery of large-scale similarity and projective transformations}},
    year = {2005},
    journal = {Image Processing, IEEE Transactions on},
    author = {Zokai, S and Wolberg, G},
    number = {10},
    pages = {1422--1434},
    volume = {14},
    publisher = {IEEE}
}

@article{zokai2005imagec,
    title = {{Image registration using log-polar mappings for recovery of large-scale similarity and projective transformations}},
    year = {2005},
    journal = {Image Processing, IEEE Transactions on},
    author = {Zokai, S and Wolberg, G},
    number = {10},
    pages = {1422--1434},
    volume = {14},
    publisher = {IEEE}
}

@article{zokai2005imaged,
    title = {{Image registration using log-polar mappings for recovery of large-scale similarity and projective transformations}},
    year = {2005},
    journal = {Image Processing, IEEE Transactions on},
    author = {Zokai, S and Wolberg, G},
    number = {10},
    pages = {1422--1434},
    volume = {14},
    publisher = {IEEE}
}

@inproceedings{zhang2011image,
    title = {{Image retrieval with geometry-preserving visual phrases}},
    year = {2011},
    booktitle = {Computer Vision and Pattern Recognition (CVPR), 2011 IEEE Conference on},
    author = {Zhang, Y and Jia, Z and Chen, T},
    pages = {809--816},
    organization = {IEEE}
}

@inproceedings{zhang2011imageb,
    title = {{Image retrieval with geometry-preserving visual phrases}},
    year = {2011},
    booktitle = {Computer Vision and Pattern Recognition (CVPR), 2011 IEEE Conference on},
    author = {Zhang, Y and Jia, Z and Chen, T},
    pages = {809--816},
    organization = {IEEE}
}

@article{datta2008image,
    title = {{Image retrieval: Ideas, influences, and trends of the new age}},
    year = {2008},
    journal = {ACM Computing Surveys (CSUR)},
    author = {Datta, R and Joshi, D and Li, J and Wang, J Z},
    number = {2},
    pages = {5},
    volume = {40},
    publisher = {ACM}
}

@article{datta2008imageb,
    title = {{Image retrieval: Ideas, influences, and trends of the new age}},
    year = {2008},
    journal = {ACM Computing Surveys (CSUR)},
    author = {Datta, R and Joshi, D and Li, J and Wang, J Z},
    number = {2},
    pages = {5},
    volume = {40},
    publisher = {ACM}
}

@article{Krizhevsky2012,
    title = {{ImageNet classification with deep convolutional neural networks}},
    year = {2012},
    journal = {Advances in Neural Information Processing Systems (NIPS)},
    author = {Krizhevsky, Alex and Sutskever, I and Hinton, G},
    pages = {1--9}
}

@article{Krizhevsky2012a,
    title = {{ImageNet Classification with Deep Convolutional Neural Networks}},
    year = {2012},
    journal = {Nips},
    author = {Krizhevsky, Alex and Sulskever, IIya and Hinton, Geoffret E},
    pages = {1--9},
    isbn = {9781627480031},
    doi = {http://dx.doi.org/10.1016/j.protcy.2014.09.007},
    issn = {10495258},
    pmid = {7491034},
    arxivId = {1102.0183}
}

@article{jegou2010improving,
    title = {{Improving bag-of-features for large scale image search}},
    year = {2010},
    journal = {International Journal of Computer Vision},
    author = {J{\'{e}}gou, H and Douze, M and Schmid, C},
    number = {3},
    pages = {316--336},
    volume = {87},
    publisher = {Springer}
}

@article{Jegou2010b,
    title = {{Improving bag-of-features for large scale image search}},
    year = {2010},
    journal = {International Journal of Computer Vision},
    author = {J{\'{e}}gou, H and Douze, M and Schmid, Cordelia},
    url = {http://www.springerlink.com/index/wh52x87315697752.pdf}
}

@article{jegou2010improvingb,
    title = {{Improving bag-of-features for large scale image search}},
    year = {2010},
    journal = {International Journal of Computer Vision},
    author = {J{\'{e}}gou, H and Douze, M and Schmid, Cordelia},
    number = {3},
    pages = {316--336},
    volume = {87},
    publisher = {Springer},
    url = {http://www.springerlink.com/index/wh52x87315697752.pdf}
}

@article{gonzalezimproving,
    title = {{Improving Phase Correlation for Image Registration}},
    author = {Gonzalez, R}
}

@article{kokkinos2011inference,
    title = {{Inference and learning with hierarchical shape models}},
    year = {2011},
    journal = {International journal of computer vision},
    author = {Kokkinos, I and Yuille, A},
    number = {2},
    pages = {201--225},
    volume = {93},
    publisher = {Springer}
}

@article{kokkinos2011inferenceb,
    title = {{Inference and learning with hierarchical shape models}},
    year = {2011},
    journal = {International journal of computer vision},
    author = {Kokkinos, I and Yuille, A},
    number = {2},
    pages = {201--225},
    volume = {93},
    publisher = {Springer}
}

@article{OHara2011,
    title = {{Introduction to the bag of features paradigm for image classification and retrieval}},
    year = {2011},
    journal = {CoRR},
    author = {O'Hara, S and Draper, BA},
    number = {July},
    pages = {1--25},
    url = {http://arxiv.org/abs/1101.3354},
    arxivId = {arXiv:1101.3354v1}
}

@article{o2011introduction,
    title = {{Introduction to the bag of features paradigm for image classification and retrieval}},
    year = {2011},
    journal = {Arxiv preprint arXiv:1101.3354},
    author = {O'Hara, S and Draper, BA A},
    url = {http://arxiv.org/abs/1101.3354}
}

@article{OHara2011b,
    title = {{Introduction to the bag of features paradigm for image classification and retrieval}},
    year = {2011},
    journal = {CoRR},
    author = {O'Hara, S and Draper, BA A},
    number = {July},
    pages = {1--25},
    url = {http://arxiv.org/abs/1101.3354},
    arxivId = {arXiv:1101.3354v1}
}

@article{OHara2011c,
    title = {{Introduction to the bag of features paradigm for image classification and retrieval}},
    year = {2011},
    journal = {Arxiv preprint arXiv:1101.3354},
    author = {O'Hara, S and Draper, BA A},
    number = {July},
    pages = {1--25},
    url = {http://arxiv.org/abs/1101.3354},
    arxivId = {arXiv:1101.3354v1}
}

@article{OHara2011d,
    title = {{Introduction to the bag of features paradigm for image classification and retrieval}},
    year = {2011},
    journal = {Arxiv preprint arXiv:1101.3354},
    author = {O'Hara, S and Draper, BA A},
    number = {July},
    pages = {1--25},
    url = {http://arxiv.org/abs/1101.3354},
    arxivId = {arXiv:1101.3354v1}
}

@inproceedings{Gong2011,
    title = {{Iterative quantization: A procrustean approach to learning binary codes}},
    year = {2011},
    booktitle = {CVPR 2011},
    author = {Gong, Yunchao and Lazebnik, Svetlana},
    month = {6},
    pages = {817--824},
    publisher = {IEEE},
    url = {http://www.cs.unc.edu/~lazebnik/publications/ITQ.pdf http://ieeexplore.ieee.org/lpdocs/epic03/wrapper.htm?arnumber=5995432},
    isbn = {978-1-4577-0394-2},
    doi = {10.1109/CVPR.2011.5995432}
}

@inproceedings{gong2011iterative,
    title = {{Iterative quantization: A procrustean approach to learning binary codes}},
    year = {2011},
    booktitle = {Computer Vision and Pattern Recognition (CVPR), 2011 IEEE Conference on},
    author = {Gong, Yunchao and Lazebnik, Svetlana},
    month = {6},
    pages = {817--824},
    publisher = {IEEE},
    url = {http://www.cs.unc.edu/~lazebnik/publications/ITQ.pdf http://ieeexplore.ieee.org/lpdocs/epic03/wrapper.htm?arnumber=5995432},
    organization = {IEEE},
    isbn = {978-1-4577-0394-2},
    doi = {10.1109/CVPR.2011.5995432}
}

@inproceedings{Gong2011b,
    title = {{Iterative quantization: A procrustean approach to learning binary codes}},
    year = {2011},
    booktitle = {CVPR 2011},
    author = {Gong, Yunchao and Lazebnik, Svetlana},
    month = {6},
    pages = {817--824},
    publisher = {IEEE},
    url = {http://www.cs.unc.edu/~lazebnik/publications/ITQ.pdf http://ieeexplore.ieee.org/lpdocs/epic03/wrapper.htm?arnumber=5995432},
    organization = {IEEE},
    isbn = {978-1-4577-0394-2},
    doi = {10.1109/CVPR.2011.5995432}
}

@inproceedings{Gong2011c,
    title = {{Iterative quantization: A procrustean approach to learning binary codes}},
    year = {2011},
    booktitle = {CVPR 2011},
    author = {Gong, Yunchao and Lazebnik, Svetlana},
    month = {6},
    pages = {817--824},
    publisher = {IEEE},
    url = {http://www.cs.unc.edu/~lazebnik/publications/ITQ.pdf http://ieeexplore.ieee.org/lpdocs/epic03/wrapper.htm?arnumber=5995432},
    organization = {IEEE},
    isbn = {978-1-4577-0394-2},
    doi = {10.1109/CVPR.2011.5995432}
}

@article{mikulik2010learning,
    title = {{Learning a fine vocabulary}},
    year = {2010},
    journal = {Computer Vision--ECCV 2010},
    author = {Mikul{\'{i}}k, A and Perdoch, M and Chum, O and Matas, J},
    pages = {1--14},
    publisher = {Springer}
}

@article{mikulik2010learningb,
    title = {{Learning a fine vocabulary}},
    year = {2010},
    journal = {Computer Vision--ECCV 2010},
    author = {Mikul{\'{i}}k, A and Perdoch, Michal and Chum, O and Matas, J and Mikul, Andrej},
    pages = {1--14},
    publisher = {Springer}
}

@inproceedings{philbin2008lost,
    title = {{Lost in quantization: Improving particular object retrieval in large scale image databases}},
    year = {2008},
    booktitle = {Computer Vision and Pattern Recognition, 2008. CVPR 2008. IEEE Conference on},
    author = {Philbin, J and Chum, O and Isard, M and Sivic, J and Zisserman, A},
    pages = {1--8},
    organization = {IEEE}
}

@inproceedings{conf/cvpr/HsiaoCH10,
    title = {{Making specific features less discriminative to improve point-based 3D object recognition}},
    year = {2010},
    booktitle = {2010 IEEE Computer Society Conference on Computer Vision and Pattern Recognition},
    author = {Hsiao, Edward and Collet, Alvaro and Hebert, Martial},
    month = {6},
    pages = {2653--2660},
    publisher = {IEEE},
    url = {http://dblp.uni-trier.de/db/conf/cvpr/cvpr2010.html#HsiaoCH10 http://ieeexplore.ieee.org/xpls/abs_all.jsp?arnumber=5539981 http://ieeexplore.ieee.org/lpdocs/epic03/wrapper.htm?arnumber=5539981},
    isbn = {978-1-4244-6984-0},
    doi = {10.1109/CVPR.2010.5539981},
    keywords = {dblp}
}

@inproceedings{conf/cvpr/HsiaoCH10b,
    title = {{Making specific features less discriminative to improve point-based 3D object recognition.}},
    year = {2010},
    booktitle = {CVPR},
    author = {Hsiao, Edward and Collet, Alvaro and Hebert, Martial},
    pages = {2653--2660},
    publisher = {IEEE},
    url = {http://dblp.uni-trier.de/db/conf/cvpr/cvpr2010.html#HsiaoCH10},
    keywords = {dblp}
}

@article{He2012,
    title = {{Mobile product search with Bag of Hash Bits and boundary reranking}},
    year = {2012},
    journal = {2012 IEEE Conference on Computer Vision and Pattern Recognition},
    author = {He, Junfeng and Feng, Jinyuan and Liu, Xianglong and Cheng, Tao and Lin, Tai-Hsu and Chung, Hyunjin and Chang, Shih-Fu},
    month = {6},
    pages = {3005--3012},
    publisher = {Ieee},
    url = {http://ieeexplore.ieee.org/lpdocs/epic03/wrapper.htm?arnumber=6248030},
    isbn = {978-1-4673-1228-8},
    doi = {10.1109/CVPR.2012.6248030}
}

@article{hemobile2012,
    title = {{Mobile Product Search with Bag of Hash Bits and Boundary Reranking}},
    author = {He, J and Feng, J and Liu, X and Cheng, T and Lin, T H and Chung, H and Chang, S F}
}

@article{girod2011mobile,
    title = {{Mobile visual search}},
    year = {2011},
    journal = {Signal Processing Magazine, IEEE},
    author = {Girod, B and Chandrasekhar, V and Chen, D M and Cheung, N M and Grzeszczuk, R and Reznik, Y and Takacs, G and Tsai, S S and Vedantham, R},
    number = {4},
    pages = {61--76},
    volume = {28},
    publisher = {IEEE}
}

@article{girod2011mobileb,
    title = {{Mobile visual search}},
    year = {2011},
    journal = {Signal Processing Magazine, IEEE},
    author = {Girod, B and Chandrasekhar, V and Chen, D M and Cheung, N M and Grzeszczuk, R and Reznik, Y and Takacs, G and Tsai, S S and Vedantham, R},
    number = {4},
    pages = {61--76},
    volume = {28},
    publisher = {IEEE},
    url = {http://ieeexplore.ieee.org/xpls/abs_all.jsp?arnumber=5888642}
}

@article{girod2011mobilec,
    title = {{Mobile visual search}},
    year = {2011},
    journal = {Signal Processing Magazine, IEEE},
    author = {Girod, B and Chandrasekhar, V and Chen, D M and Cheung, N M and Grzeszczuk, R and Reznik, Y and Takacs, G and Tsai, S S and Vedantham, R},
    number = {4},
    pages = {61--76},
    volume = {28},
    publisher = {IEEE},
    url = {http://ieeexplore.ieee.org/xpls/abs_all.jsp?arnumber=5888642}
}

@article{girod2011mobiled,
    title = {{Mobile visual search}},
    year = {2011},
    journal = {Signal Processing Magazine, IEEE},
    author = {Girod, B and Chandrasekhar, V and Chen, D M and Cheung, N M and Grzeszczuk, R and Reznik, Y and Takacs, G and Tsai, S S and Vedantham, R},
    number = {4},
    pages = {61--76},
    volume = {28},
    publisher = {IEEE},
    url = {http://ieeexplore.ieee.org/xpls/abs_all.jsp?arnumber=5888642}
}

@article{girod2011mobilee,
    title = {{Mobile visual search}},
    year = {2011},
    journal = {Signal Processing Magazine, IEEE},
    author = {Girod, B and Chandrasekhar, V and Chen, D M and Cheung, N M and Grzeszczuk, R and Reznik, Y and Takacs, G and Tsai, S S and Vedantham, R},
    number = {4},
    pages = {61--76},
    volume = {28},
    publisher = {IEEE},
    url = {http://ieeexplore.ieee.org/xpls/abs_all.jsp?arnumber=5888642}
}

@article{Chum2008,
    title = {{Near Duplicate Image Detection: min-Hash and tf-idf Weighting}},
    year = {2008},
    journal = {Procedings of the British Machine Vision Conference 2008},
    author = {Chum, O. and Philbin, J. and Zisserman, a.},
    pages = {1--50},
    publisher = {British Machine Vision Association},
    url = {http://www.bmva.org/bmvc/2008/papers/119.html},
    isbn = {1-901725-36-7},
    doi = {10.5244/C.22.50}
}

@inproceedings{chum2008near,
    title = {{Near duplicate image detection: min-hash and tf-idf weighting}},
    year = {2008},
    booktitle = {Proceedings of the British Machine Vision Conference},
    author = {Chum, O and Philbin, J and Zisserman, A},
    pages = {4},
    volume = {3}
}

@inproceedings{huiskes2010new,
    title = {{New trends and ideas in visual concept detection: the MIR flickr retrieval evaluation initiative}},
    year = {2010},
    booktitle = {Proceedings of the international conference on Multimedia information retrieval},
    author = {Huiskes, M J and Thomee, B and Lew, M S},
    pages = {527--536},
    organization = {ACM}
}

@inproceedings{huiskes2010newb,
    title = {{New trends and ideas in visual concept detection: the MIR flickr retrieval evaluation initiative}},
    year = {2010},
    booktitle = {Proceedings of the international conference on Multimedia information retrieval},
    author = {Huiskes, M J and Thomee, B and Lew, M S},
    pages = {527--536},
    organization = {ACM}
}

@incollection{year,
    title = {{No Title}}
}

@incollection{yearb,
    title = {{No Title}}
}

@inproceedings{bassiouny2011object,
    title = {{Object matching using feature aggregation over a frame sequence}},
    year = {2011},
    booktitle = {Applications of Computer Vision (WACV), 2011 IEEE Workshop on},
    author = {Bassiouny, M and El-Saban, M},
    pages = {95--102},
    organization = {IEEE}
}

@inproceedings{bassiouny2011objectb,
    title = {{Object matching using feature aggregation over a frame sequence}},
    year = {2011},
    booktitle = {Applications of Computer Vision (WACV), 2011 IEEE Workshop on},
    author = {Bassiouny, M and El-Saban, M},
    pages = {95--102},
    organization = {IEEE}
}

@inproceedings{lowe1999object,
    title = {{Object recognition from local scale-invariant features}},
    year = {1999},
    booktitle = {Computer Vision, 1999. The Proceedings of the Seventh IEEE International Conference on},
    author = {Lowe, D G},
    pages = {1150--1157},
    volume = {2},
    organization = {Ieee}
}

@inproceedings{bo2011object,
    title = {{Object recognition with hierarchical kernel descriptors}},
    year = {2011},
    booktitle = {Computer Vision and Pattern Recognition (CVPR), 2011 IEEE Conference on},
    author = {Bo, L and Lai, K and Ren, X and Fox, D},
    pages = {1729--1736},
    organization = {IEEE}
}

@inproceedings{bo2011objectb,
    title = {{Object recognition with hierarchical kernel descriptors}},
    year = {2011},
    booktitle = {Computer Vision and Pattern Recognition (CVPR), 2011 IEEE Conference on},
    author = {Bo, L and Lai, K and Ren, X and Fox, D},
    pages = {1729--1736},
    organization = {IEEE}
}

@inproceedings{shen2012object,
    title = {{Object retrieval and localization with spatially-constrained similarity measure and k-NN re-ranking}},
    year = {2012},
    booktitle = {Computer Vision and Pattern Recognition (CVPR), 2012 IEEE Conference on},
    author = {Shen, X and Lin, Z and Brandt, J and Avidan, S and Wu, Y},
    pages = {3013--3020},
    organization = {IEEE}
}

@inproceedings{philbin2007object,
    title = {{Object retrieval with large vocabularies and fast spatial matching}},
    year = {2007},
    booktitle = {Computer Vision and Pattern Recognition, 2007. CVPR'07. IEEE Conference on},
    author = {Philbin, J and Chum, O and Isard, M and Sivic, J and Zisserman, A},
    pages = {1--8},
    organization = {Ieee}
}

@article{he2012difficulty,
    title = {{On the difficulty of nearest neighbor search}},
    year = {2012},
    journal = {Arxiv preprint arXiv:1206.6411},
    author = {He, J and Kumar, S and Chang, S F}
}

@inproceedings{jia2010optimizing,
    title = {{Optimizing kd-trees for scalable visual descriptor indexing}},
    year = {2010},
    booktitle = {Computer Vision and Pattern Recognition (CVPR), 2010 IEEE Conference on},
    author = {Jia, Y and Wang, J and Zeng, G and Zha, H and Hua, X S},
    pages = {3392--3399},
    organization = {IEEE}
}

@inproceedings{rublee2011orb,
    title = {{ORB: an efficient alternative to SIFT or SURF}},
    year = {2011},
    booktitle = {Computer Vision (ICCV), 2011 IEEE International Conference on},
    author = {Rublee, E and Rabaud, V and Konolige, K and Bradski, G},
    pages = {2564--2571},
    organization = {IEEE}
}

@inproceedings{ke2004pca,
    title = {{PCA-SIFT: A more distinctive representation for local image descriptors}},
    year = {2004},
    booktitle = {Computer Vision and Pattern Recognition, 2004. CVPR 2004. Proceedings of the 2004 IEEE Computer Society Conference on},
    author = {Ke, Y and Sukthankar, R},
    pages = {II--506},
    volume = {2},
    organization = {Ieee}
}

@inproceedings{winder2009picking,
    title = {{Picking the best daisy}},
    year = {2009},
    booktitle = {Computer Vision and Pattern Recognition, 2009. CVPR 2009. IEEE Conference on},
    author = {Winder, S and Hua, G and Brown, M},
    pages = {178--185},
    organization = {IEEE}
}

@inproceedings{winder2009pickingb,
    title = {{Picking the best daisy}},
    year = {2009},
    booktitle = {Computer Vision and Pattern Recognition, 2009. CVPR 2009. IEEE Conference on},
    author = {Winder, S and Hua, G and Brown, M},
    pages = {178--185},
    organization = {IEEE}
}

@inproceedings{winder2009pickingc,
    title = {{Picking the best daisy}},
    year = {2009},
    booktitle = {Computer Vision and Pattern Recognition, 2009. CVPR 2009. IEEE Conference on},
    author = {Winder, S and Hua, G and Brown, M},
    pages = {178--185},
    organization = {IEEE}
}

@inproceedings{winder2009pickingd,
    title = {{Picking the best daisy}},
    year = {2009},
    booktitle = {Computer Vision and Pattern Recognition, 2009. CVPR 2009. IEEE Conference on},
    author = {Winder, S and Hua, G and Brown, M},
    pages = {178--185},
    organization = {IEEE}
}

@inproceedings{winder2009pickinge,
    title = {{Picking the best daisy}},
    year = {2009},
    booktitle = {Computer Vision and Pattern Recognition, 2009. CVPR 2009. IEEE Conference on},
    author = {Winder, S and Hua, G and Brown, M},
    pages = {178--185},
    organization = {IEEE}
}

@article{jegou2011product,
    title = {{Product quantization for nearest neighbor search}},
    year = {2011},
    journal = {Pattern Analysis and Machine Intelligence, IEEE Transactions on},
    author = {J{\'{e}}gou, H and Douze, M and Schmid, C},
    number = {1},
    pages = {117--128},
    volume = {33},
    publisher = {IEEE}
}

@inproceedings{zhang2012query,
    title = {{Query Specific Fusion for Image Retrieval}},
    year = {2012},
    author = {Zhang, S and Yang, M and Cour, T and Yu, K and Metaxas, D N},
    organization = {ECCV}
}

@inproceedings{zhang2012queryb,
    title = {{Query Specific Fusion for Image Retrieval}},
    year = {2012},
    author = {Zhang, S and Yang, M and Cour, T and Yu, K and Metaxas, D N},
    organization = {ECCV}
}

@inproceedings{jiang2012randomized,
    title = {{Randomized visual phrases for object search}},
    year = {2012},
    booktitle = {Computer Vision and Pattern Recognition (CVPR), 2012 IEEE Conference on},
    author = {Jiang, Y and Meng, J and Yuan, J},
    pages = {3100--3107},
    organization = {IEEE}
}

@inproceedings{jiang2012randomizedb,
    title = {{Randomized visual phrases for object search}},
    year = {2012},
    booktitle = {Computer Vision and Pattern Recognition (CVPR), 2012 IEEE Conference on},
    author = {Jiang, Y and Meng, J and Yuan, J},
    pages = {3100--3107},
    organization = {IEEE}
}

@inproceedings{jiang2012randomizedc,
    title = {{Randomized visual phrases for object search}},
    year = {2012},
    booktitle = {Computer Vision and Pattern Recognition (CVPR), 2012 IEEE Conference on},
    author = {Jiang, Y and Meng, J and Yuan, J},
    pages = {3100--3107},
    organization = {IEEE}
}

@inproceedings{jiang2012randomizedd,
    title = {{Randomized visual phrases for object search}},
    year = {2012},
    booktitle = {Computer Vision and Pattern Recognition (CVPR), 2012 IEEE Conference on},
    author = {Jiang, Y and Meng, J and Yuan, J},
    pages = {3100--3107},
    organization = {IEEE}
}

@inproceedings{jiang2012randomizede,
    title = {{Randomized visual phrases for object search}},
    year = {2012},
    booktitle = {Computer Vision and Pattern Recognition (CVPR), 2012 IEEE Conference on},
    author = {Jiang, Y and Meng, J and Yuan, J},
    pages = {3100--3107},
    organization = {IEEE}
}

@inproceedings{jiang2012randomizedf,
    title = {{Randomized visual phrases for object search}},
    year = {2012},
    booktitle = {Computer Vision and Pattern Recognition (CVPR), 2012 IEEE Conference on},
    author = {Jiang, Y and Meng, J and Yuan, J},
    pages = {3100--3107},
    organization = {IEEE}
}

@inproceedings{jiang2012randomizedg,
    title = {{Randomized visual phrases for object search}},
    year = {2012},
    booktitle = {Computer Vision and Pattern Recognition (CVPR), 2012 IEEE Conference on},
    author = {Jiang, Y and Meng, J and Yuan, J},
    pages = {3100--3107},
    organization = {IEEE}
}

@article{Uchida2012,
    title = {{RATIO VOTING: A NEW VOTING STRATEGY FOR LARGE-SCALE IMAGE RETRIEVAL}},
    year = {2012},
    journal = {cmlab.csie.ntu.edu.tw},
    author = {Uchida, Y and Takagi, K and Sakazawa, S},
    url = {http://www.cmlab.csie.ntu.edu.tw/~zenic/Download/ICME2012/Conference/data/4711a759.pdf},
    isbn = {9780769547114},
    doi = {10.1109/ICME.2012.156}
}

@article{alcantara2009real,
    title = {{Real-time parallel hashing on the GPU}},
    year = {2009},
    journal = {ACM Transactions on Graphics (TOG)},
    author = {Alcantara, D A and Sharf, A and Abbasinejad, F and Sengupta, S and Mitzenmacher, M and Owens, J D and Amenta, N},
    number = {5},
    pages = {154},
    volume = {28},
    publisher = {ACM}
}

@article{alcantara2009realb,
    title = {{Real-time parallel hashing on the GPU}},
    year = {2009},
    journal = {ACM Transactions on Graphics (TOG)},
    author = {Alcantara, DA A and Sharf, A and Abbasinejad, F and Sengupta, S and Mitzenmacher, M and Owens, J D and Amenta, N},
    number = {5},
    pages = {154},
    volume = {28},
    publisher = {ACM},
    url = {http://dl.acm.org/citation.cfm?id=1618500},
    keywords = {2008, 2008a, 2008b, and octrees, cuckoo hashing, decoro and tatarchuk 2007, gpu computing, hash tables, in general, parallel, parallel data structures, sun et al, the problem of defin-, trees, zhou et al}
}

@article{alcantara2009realc,
    title = {{Real-time parallel hashing on the GPU}},
    year = {2009},
    journal = {ACM Transactions on Graphics (TOG)},
    author = {Alcantara, DA A and Sharf, A and Abbasinejad, F and Sengupta, S and Mitzenmacher, M and Owens, J D and Amenta, N},
    number = {5},
    pages = {154},
    volume = {28},
    publisher = {ACM},
    url = {http://dl.acm.org/citation.cfm?id=1618500},
    keywords = {2008, 2008a, 2008b, and octrees, cuckoo hashing, decoro and tatarchuk 2007, gpu computing, hash tables, in general, parallel, parallel data structures, sun et al, the problem of defin-, trees, zhou et al}
}

@article{alcantara2009reald,
    title = {{Real-time parallel hashing on the GPU}},
    year = {2009},
    journal = {ACM Transactions on Graphics (TOG)},
    author = {Alcantara, DA A and Sharf, A and Abbasinejad, F and Sengupta, S and Mitzenmacher, M and Owens, J D and Amenta, N},
    number = {5},
    pages = {154},
    volume = {28},
    publisher = {ACM},
    url = {http://dl.acm.org/citation.cfm?id=1618500},
    keywords = {2008, 2008a, 2008b, and octrees, cuckoo hashing, decoro and tatarchuk 2007, gpu computing, hash tables, in general, parallel, parallel data structures, sun et al, the problem of defin-, trees, zhou et al}
}

@article{Bosch2007a,
    title = {{Representing shape with a spatial pyramid kernel}},
    year = {2007},
    journal = {CIVR '07 Proceedings of the 6th ACM international conference on Image and video retrieval},
    author = {Bosch, Anna and Zisserman, Andrew and Munoz, Xavier},
    month = {7},
    pages = {401--408},
    url = {http://dl.acm.org/citation.cfm?id=1282340 http://dl.acm.org/citation.cfm?id=1282280.1282340},
    isbn = {978-1-59593-733-9},
    doi = {10.1145/1282280.1282340},
    keywords = {object and video, object and video retrieval, shape features, spatial pyramid kernel}
}

@article{Girshick2014,
    title = {{Rich feature hierarchies for accurate object detection and semantic segmentation}},
    year = {2014},
    journal = {Proceedings of the IEEE Computer Society Conference on Computer Vision and Pattern Recognition},
    author = {Girshick, Ross and Donahue, Jeff and Darrell, Trevor and Malik, Jitendra},
    pages = {580--587},
    isbn = {9781479951178},
    doi = {10.1109/CVPR.2014.81},
    issn = {10636919},
    pmid = {26656583},
    arxivId = {1311.2524}
}

@article{Malik2014,
    title = {{Rich Feature Hierarchies for Accurate Object Detection and Semantic Segmentation}},
    year = {2014},
    journal = {2014 IEEE Conference on Computer Vision and Pattern Recognition (CVPR)},
    author = {Malik, Jitendra and Girshick, Ross and Donahue, Jeff and Darrell, Trevor},
    pages = {580--587},
    url = {http://ieeexplore.ieee.org/lpdocs/epic03/wrapper.htm?arnumber=6909475 file:///Files/80/802045A7-7E41-430C-903D-8FFB98A6BADA.pdf papers3://publication/doi/10.1109/CVPR.2014.81},
    isbn = {978-1-4799-5118-5},
    doi = {10.1109/CVPR.2014.81},
    issn = {10636919},
    arxivId = {1311.2524}
}

@article{Wolberg2000,
    title = {{Robust image registration using log-polar transform}},
    year = {2000},
    journal = {Image Processing, 2000. Proceedings. {\ldots}},
    author = {Wolberg, George and Zokai, S},
    url = {http://ieeexplore.ieee.org/xpls/abs_all.jsp?arnumber=901003}
}

@inproceedings{chen2011robust,
    title = {{Robust text detection in natural images with edge-enhanced maximally stable extremal regions}},
    year = {2011},
    booktitle = {Image Processing (ICIP), 2011 18th IEEE International Conference on},
    author = {Chen, H and Tsai, S S and Schroth, G and Chen, D M and Grzeszczuk, R and Girod, B},
    pages = {2609--2612},
    organization = {IEEE}
}

@inproceedings{gan2012scalable,
    title = {{Scalable k-NN graph construction for visual descriptors}},
    year = {2012},
    booktitle = {2012 IEEE Conference on Computer Vision and Pattern Recognition},
    author = {Gan, R and Tu, Z and Zeng, G and Wang, J and Li, S},
    pages = {1106--1113},
    organization = {IEEE}
}

@inproceedings{gan2012scalableb,
    title = {{Scalable k-NN graph construction for visual descriptors}},
    year = {2012},
    booktitle = {2012 IEEE Conference on Computer Vision and Pattern Recognition},
    author = {Gan, R and Tu, Z and Zeng, G and Wang, J and Li, S},
    pages = {1106--1113},
    organization = {IEEE}
}

@inproceedings{gan2012scalablec,
    title = {{Scalable k-NN graph construction for visual descriptors}},
    year = {2012},
    booktitle = {2012 IEEE Conference on Computer Vision and Pattern Recognition},
    author = {Gan, R and Tu, Z and Zeng, G and Wang, J and Li, S},
    pages = {1106--1113},
    organization = {IEEE}
}

@inproceedings{gan2012scalabled,
    title = {{Scalable k-NN graph construction for visual descriptors}},
    year = {2012},
    booktitle = {2012 IEEE Conference on Computer Vision and Pattern Recognition},
    author = {Gan, R and Tu, Z and Zeng, G and Wang, J and Li, S},
    pages = {1106--1113},
    organization = {IEEE}
}

@inproceedings{nister2006scalable,
    title = {{Scalable recognition with a vocabulary tree}},
    year = {2006},
    booktitle = {Computer Vision and Pattern Recognition, 2006 IEEE Computer Society Conference on},
    author = {Nister, D and Stewenius, H},
    pages = {2161--2168},
    volume = {2},
    organization = {Ieee}
}

@inproceedings{Nister2006,
    title = {{Scalable Recognition with a Vocabulary Tree}},
    year = {2006},
    booktitle = {2006 IEEE Computer Society Conference on Computer Vision and Pattern Recognition - Volume 2 (CVPR'06)},
    author = {Nister, D and Stewenius, H},
    pages = {2161--2168},
    volume = {2},
    publisher = {IEEE},
    url = {http://ieeexplore.ieee.org/xpls/abs_all.jsp?arnumber=1641018 http://ieeexplore.ieee.org/lpdocs/epic03/wrapper.htm?arnumber=1641018},
    isbn = {0-7695-2597-0},
    doi = {10.1109/CVPR.2006.264}
}

@inproceedings{nister2006scalableb,
    title = {{Scalable recognition with a vocabulary tree}},
    year = {2006},
    booktitle = {Computer Vision and Pattern Recognition, 2006 IEEE Computer Society Conference on},
    author = {Nister, D and Stewenius, H},
    pages = {2161--2168},
    volume = {2},
    publisher = {IEEE},
    url = {http://ieeexplore.ieee.org/xpls/abs_all.jsp?arnumber=1641018 http://ieeexplore.ieee.org/lpdocs/epic03/wrapper.htm?arnumber=1641018},
    organization = {Ieee},
    isbn = {0-7695-2597-0},
    doi = {10.1109/CVPR.2006.264}
}

@inproceedings{nister2006scalablec,
    title = {{Scalable recognition with a vocabulary tree}},
    year = {2006},
    booktitle = {Computer Vision and Pattern Recognition, 2006 IEEE Computer Society Conference on},
    author = {Nister, D and Stewenius, H},
    pages = {2161--2168},
    volume = {2},
    publisher = {IEEE},
    url = {http://ieeexplore.ieee.org/xpls/abs_all.jsp?arnumber=1641018 http://ieeexplore.ieee.org/lpdocs/epic03/wrapper.htm?arnumber=1641018},
    organization = {Ieee},
    isbn = {0-7695-2597-0},
    doi = {10.1109/CVPR.2006.264}
}

@article{mikolajczyk2004scale,
    title = {{Scale {\&} affine invariant interest point detectors}},
    year = {2004},
    journal = {International journal of computer vision},
    author = {Mikolajczyk, K and Schmid, C},
    number = {1},
    pages = {63--86},
    volume = {60},
    publisher = {Springer}
}

@article{mikolajczyk2004scaleb,
    title = {{Scale {\&} affine invariant interest point detectors}},
    year = {2004},
    journal = {International journal of computer vision},
    author = {Mikolajczyk, K and Schmid, C},
    number = {1},
    pages = {63--86},
    volume = {60},
    publisher = {Springer}
}

@article{mikolajczyk2004scalec,
    title = {{Scale {\&} affine invariant interest point detectors}},
    year = {2004},
    journal = {International journal of computer vision},
    author = {Mikolajczyk, K and Schmid, C},
    number = {1},
    pages = {63--86},
    volume = {60},
    publisher = {Springer}
}

@inproceedings{kokkinos2008scale,
    title = {{Scale invariance without scale selection}},
    year = {2008},
    booktitle = {Computer Vision and Pattern Recognition, 2008. CVPR 2008. IEEE Conference on},
    author = {Kokkinos, I and Yuille, A},
    pages = {1--8},
    organization = {IEEE}
}

@inproceedings{liu2011search,
    title = {{Search by mobile image based on visual and spatial consistency}},
    year = {2011},
    booktitle = {Multimedia and Expo (ICME), 2011 IEEE International Conference on},
    author = {Liu, X and Lou, Y and Yu, A W and Lang, B},
    pages = {1--6},
    organization = {IEEE}
}

@inproceedings{Yu2011,
    title = {{Search by mobile image based on visual and spatial consistency}},
    year = {2011},
    booktitle = {2011 IEEE International Conference on Multimedia and Expo},
    author = {Yu, Adams Wei},
    number = {1},
    month = {7},
    pages = {1--6},
    publisher = {IEEE},
    url = {http://ieeexplore.ieee.org/xpls/abs_all.jsp?arnumber=6011834 http://ieeexplore.ieee.org/lpdocs/epic03/wrapper.htm?arnumber=6011834},
    isbn = {978-1-61284-348-3},
    doi = {10.1109/ICME.2011.6011834}
}

@inproceedings{Barron2012,
    title = {{Shape, albedo, and illumination from a single image of an unknown object}},
    year = {2012},
    booktitle = {2012 IEEE Conference on Computer Vision and Pattern Recognition},
    author = {Barron, Jonathan T. and Malik, Jitendra},
    month = {6},
    pages = {334--341},
    publisher = {IEEE},
    url = {http://ieeexplore.ieee.org/xpls/abs_all.jsp?arnumber=6247693 http://ieeexplore.ieee.org/lpdocs/epic03/wrapper.htm?arnumber=6247693},
    isbn = {978-1-4673-1228-8},
    doi = {10.1109/CVPR.2012.6247693}
}

@article{Barron2012b,
    title = {{Shape, albedo, and illumination from a single image of an unknown object}},
    year = {2012},
    journal = {Computer Vision and Pattern Recognition ( {\ldots}},
    author = {Barron, JT and Malik, J},
    url = {http://ieeexplore.ieee.org/xpls/abs_all.jsp?arnumber=6247693}
}

@inproceedings{Barron2012a,
    title = {{Shape, albedo, and illumination from a single image of an unknown object}},
    year = {2012},
    booktitle = {2012 IEEE Conference on Computer Vision and Pattern Recognition},
    author = {Barron, Jonathan T. and Malik, Jitendra},
    month = {6},
    pages = {334--341},
    publisher = {IEEE},
    url = {http://ieeexplore.ieee.org/xpl/articleDetails.jsp?arnumber=6247693},
    isbn = {978-1-4673-1228-8},
    doi = {10.1109/CVPR.2012.6247693}
}

@inproceedings{Barron2012c,
    title = {{Shape, albedo, and illumination from a single image of an unknown object}},
    year = {2012},
    booktitle = {2012 IEEE Conference on Computer Vision and Pattern Recognition},
    author = {Barron, JT Jonathan T. and Malik, Jitendra},
    month = {6},
    pages = {334--341},
    publisher = {IEEE},
    url = {http://ieeexplore.ieee.org/xpl/articleDetails.jsp?arnumber=6247693 http://ieeexplore.ieee.org/xpls/abs_all.jsp?arnumber=6247693 http://ieeexplore.ieee.org/lpdocs/epic03/wrapper.htm?arnumber=6247693},
    isbn = {978-1-4673-1228-8},
    doi = {10.1109/CVPR.2012.6247693}
}

@inproceedings{Barron2012d,
    title = {{Shape, albedo, and illumination from a single image of an unknown object}},
    year = {2012},
    booktitle = {2012 IEEE Conference on Computer Vision and Pattern Recognition},
    author = {Barron, JT Jonathan T. and Malik, Jitendra},
    month = {6},
    pages = {334--341},
    publisher = {IEEE},
    url = {http://ieeexplore.ieee.org/xpl/articleDetails.jsp?arnumber=6247693 http://ieeexplore.ieee.org/xpls/abs_all.jsp?arnumber=6247693 http://ieeexplore.ieee.org/lpdocs/epic03/wrapper.htm?arnumber=6247693},
    isbn = {978-1-4673-1228-8},
    doi = {10.1109/CVPR.2012.6247693}
}

@article{Li2012,
    title = {{SHREC'12 Track: Generic 3D Shape Retrieval}},
    year = {2012},
    journal = {{\ldots} on 3D Object Retrieval},
    author = {Li, B and Godil, A and Aono, M and Bai, X and Furuya, T},
    pages = {119--126},
    url = {http://diglib.eg.org/EG/DL/WS/3DOR/3DOR12/119-126.pdf.abstract.pdf;internal&action=action.digitallibrary.ShowPaperAbstract},
    doi = {10.2312/3DOR/3DOR12/119-126}
}

@inproceedings{li2012shrec,
    title = {{SHREC'12 Track: Sketch-Based 3D Shape Retrieval}},
    year = {2012},
    booktitle = {Eurographics 2012 Workshop on 3D Object Retrieval},
    author = {Li, B and Schreck, T and Godil, A and Alexa, M and Boubekeur, T and Bustos, B and Chen, J and Eitz, M and Furuya, T and Hildebrand, K and {others}},
    pages = {109--118},
    organization = {The Eurographics Association}
}

@article{Eitz2010a,
    title = {{Sketch-Based Image Retrieval: Benchmark and Bag-of-Features Descriptors.}},
    year = {2010},
    journal = {IEEE transactions on visualization and computer graphics},
    author = {Eitz, Mathias and Hildebrand, Kristian and Boubekeur, Tamy and Alexa, Marc},
    month = {12},
    pages = {1--14},
    url = {http://www.ncbi.nlm.nih.gov/pubmed/21173450},
    doi = {10.1109/TVCG.2010.266},
    issn = {1941-0506},
    pmid = {21173450}
}

@article{Eitz2010b,
    title = {{Sketch-Based Image Retrieval: Benchmark and Bag-of-Features Descriptors.}},
    year = {2010},
    journal = {IEEE transactions on visualization and computer graphics},
    author = {Eitz, Mathias and Hildebrand, Kristian and Boubekeur, Tamy and Alexa, Marc},
    number = {5},
    month = {12},
    pages = {1--14},
    volume = {34},
    url = {http://linkinghub.elsevier.com/retrieve/pii/S0097849310001068 http://www.ncbi.nlm.nih.gov/pubmed/21173450},
    doi = {10.1109/TVCG.2010.266},
    issn = {1941-0506},
    pmid = {21173450},
    keywords = {image databases, image descriptors, mpeg-7, sketch-based image retrieval}
}

@article{Eitz2010bb,
    title = {{Sketch-Based Image Retrieval: Benchmark and Bag-of-Features Descriptors.}},
    year = {2010},
    journal = {IEEE transactions on visualization and computer graphics},
    author = {Eitz, Mathias and Hildebrand, Kristian and Boubekeur, Tamy and Alexa, Marc},
    number = {5},
    month = {12},
    pages = {1--14},
    volume = {34},
    url = {http://linkinghub.elsevier.com/retrieve/pii/S0097849310001068 http://www.ncbi.nlm.nih.gov/pubmed/21173450},
    doi = {10.1109/TVCG.2010.266},
    issn = {1941-0506},
    pmid = {21173450},
    keywords = {image databases, image descriptors, mpeg-7, sketch-based image retrieval}
}

@article{Eitz2010bc,
    title = {{Sketch-Based Image Retrieval: Benchmark and Bag-of-Features Descriptors.}},
    year = {2010},
    journal = {IEEE transactions on visualization and computer graphics},
    author = {Eitz, Mathias and Hildebrand, Kristian and Boubekeur, Tamy and Alexa, Marc},
    number = {5},
    month = {12},
    pages = {1--14},
    volume = {34},
    url = {http://linkinghub.elsevier.com/retrieve/pii/S0097849310001068 http://www.ncbi.nlm.nih.gov/pubmed/21173450},
    doi = {10.1109/TVCG.2010.266},
    issn = {1941-0506},
    pmid = {21173450},
    keywords = {image databases, image descriptors, mpeg-7, sketch-based image retrieval}
}

@article{Eitz2010bd,
    title = {{Sketch-Based Image Retrieval: Benchmark and Bag-of-Features Descriptors.}},
    year = {2010},
    journal = {IEEE transactions on visualization and computer graphics},
    author = {Eitz, Mathias and Hildebrand, Kristian and Boubekeur, Tamy and Alexa, Marc},
    number = {5},
    month = {12},
    pages = {1--14},
    volume = {34},
    url = {http://linkinghub.elsevier.com/retrieve/pii/S0097849310001068 http://www.ncbi.nlm.nih.gov/pubmed/21173450},
    doi = {10.1109/TVCG.2010.266},
    issn = {1941-0506},
    pmid = {21173450},
    keywords = {image databases, image descriptors, mpeg-7, sketch-based image retrieval}
}

@article{Achanta2012,
    title = {{SLIC Superpixels Compared to State-of-the-art Superpixel Methods.}},
    year = {2012},
    journal = {IEEE transactions on pattern analysis and machine intelligence},
    author = {Achanta, Radhakrishna and Shaji, Appu and Smith, Kevin and Lucchi, Aurelien and Fua, Pascal and Susstrunk, Sabine},
    number = {1},
    month = {5},
    pages = {1--8},
    volume = {6},
    url = {http://www.ncbi.nlm.nih.gov/pubmed/22641706},
    doi = {10.1109/TPAMI.2012.120},
    issn = {1939-3539},
    pmid = {22641706}
}

@article{Arandjelovic2011,
    title = {{Smooth object retrieval using a bag of boundaries}},
    year = {2011},
    journal = {Computer Vision (ICCV), 2011 {\ldots}},
    author = {Arandjelovic, R and Zisserman, Andrew},
    url = {http://ieeexplore.ieee.org/xpls/abs_all.jsp?arnumber=6126265}
}

@inproceedings{weiss2008spectral,
    title = {{Spectral hashing}},
    year = {2008},
    author = {Weiss, Y and Torralba, A and Fergus, R},
    organization = {NIPS}
}

@article{bay2008speeded,
    title = {{Speeded-up robust features (SURF)}},
    year = {2008},
    journal = {Computer Vision and Image Understanding},
    author = {Bay, H and Ess, A and Tuytelaars, T and Van Gool, L},
    number = {3},
    pages = {346--359},
    volume = {110},
    publisher = {Elsevier}
}

@techreport{heo2012spherical,
    title = {{Spherical Hashing}},
    year = {2012},
    author = {HEO, J and Lee, Y and He, J and Chang, S F and Yoon, S E},
    institution = {Tech. rep., KAIST}
}

@inproceedings{liu2012supervised,
    title = {{Supervised hashing with kernels}},
    year = {2012},
    booktitle = {Proceedings of Computer Vision and Pattern Recognition},
    author = {Liu, W and Wang, J and Ji, R and Jiang, Y G and Chang, S F}
}

@inproceedings{chandrasekhar2011stanford,
    title = {{The stanford mobile visual search dataset}},
    year = {2011},
    booktitle = {ACM Multimedia Systems Conference},
    author = {Chandrasekhar, V and Chen, D and Tsai, S and Cheung, N M and Chen, H and Takacs, G and Reznik, Y and Vedantham, R and Grzeszczuk, R and Bach, J and {others}}
}

@techreport{trzinski2011thick,
    title = {{Thick {\{}B{\}}oundaries in {\{}B{\}}inary {\{}S{\}}pace and their {\{}I{\}}nfluence on {\{}N{\}}earest-{\{}N{\}}eighbor {\{}S{\}}earch}},
    year = {2011},
    author = {Trzcinski, Tomasz and Lepetit, Vincent and Fua, Pascal},
    keywords = {Binary local feature descriptors; Nearest neighbor}
}

@article{Zisserman2012,
    title = {{Three things everyone should know to improve object retrieval}},
    year = {2012},
    journal = {{\ldots} IEEE Conference on {\ldots}},
    author = {Zisserman, Andrew and Arandjelovic, R},
    url = {http://ieeexplore.ieee.org/xpls/abs_all.jsp?arnumber=6248018 http://doi.ieeecomputersociety.org/10.1109/CVPR.2012.6248018}
}

@inproceedings{arandjelovic2012three,
    title = {{Three things everyone should know to improve object retrieval}},
    year = {2012},
    booktitle = {Proc. CVPR},
    author = {Arandjelovic, R and Zisserman, A}
}

@inproceedings{arandjelovic2012threeb,
    title = {{Three things everyone should know to improve object retrieval}},
    year = {2012},
    booktitle = {Proc. CVPR},
    author = {Arandjelovic, R and Zisserman, A}
}

@inproceedings{bo2012unsupervised,
    title = {{Unsupervised feature learning for rgb-d based object recognition}},
    year = {2012},
    author = {Bo, L and Ren, X and Fox, D},
    organization = {ISER}
}

@inproceedings{russell2006using,
    title = {{Using multiple segmentations to discover objects and their extent in image collections}},
    year = {2006},
    booktitle = {Computer Vision and Pattern Recognition, 2006 IEEE Computer Society Conference on},
    author = {Russell, B C and Freeman, W T and Efros, A A and Sivic, J and Zisserman, A},
    pages = {1605--1614},
    volume = {2},
    organization = {Ieee}
}

@inproceedings{russell2006usingb,
    title = {{Using multiple segmentations to discover objects and their extent in image collections}},
    year = {2006},
    booktitle = {Computer Vision and Pattern Recognition, 2006 IEEE Computer Society Conference on},
    author = {Russell, B C and Freeman, W T and Efros, A A and Sivic, J and Zisserman, A},
    pages = {1605--1614},
    volume = {2},
    organization = {Ieee}
}

@inproceedings{russell2006usingc,
    title = {{Using multiple segmentations to discover objects and their extent in image collections}},
    year = {2006},
    booktitle = {Computer Vision and Pattern Recognition, 2006 IEEE Computer Society Conference on},
    author = {Russell, B C and Freeman, W T and Efros, A A and Sivic, J and Zisserman, A},
    pages = {1605--1614},
    volume = {2},
    organization = {Ieee}
}

@article{Krizhevsky2011a,
    title = {{Using very deep autoencoders for content-based image retrieval}},
    year = {2011},
    journal = {Proceedings of 19th European Symposium on Artificial Neural Networks},
    author = {Krizhevsky, Alex and Hinton, GE},
    url = {http://citeseerx.ist.psu.edu/viewdoc/download?doi=10.1.1.220.3054&rep=rep1&type=pdf}
}

@inproceedings{sculley2010web,
    title = {{Web-scale k-means clustering}},
    year = {2010},
    booktitle = {Proceedings of the 19th international conference on World wide web},
    author = {Sculley, D},
    pages = {1177--1178},
    organization = {ACM}
}

@inproceedings{sculley2010webb,
    title = {{Web-scale k-means clustering}},
    year = {2010},
    booktitle = {Proceedings of the 19th international conference on World wide web},
    author = {Sculley, D},
    pages = {1177--1178},
    organization = {ACM}
}

@inproceedings{sculley2010webc,
    title = {{Web-scale k-means clustering}},
    year = {2010},
    booktitle = {Proceedings of the 19th international conference on World wide web},
    author = {Sculley, D},
    pages = {1177--1178},
    organization = {ACM}
}

@inproceedings{sculley2010webd,
    title = {{Web-scale k-means clustering}},
    year = {2010},
    booktitle = {Proceedings of the 19th international conference on World wide web},
    author = {Sculley, D},
    pages = {1177--1178},
    organization = {ACM}
}

@inproceedings{sculley2010webe,
    title = {{Web-scale k-means clustering}},
    year = {2010},
    booktitle = {Proceedings of the 19th international conference on World wide web},
    author = {Sculley, D},
    pages = {1177--1178},
    organization = {ACM}
}

@article{Rosten2010FasterDetection,
    title = {{Faster and better: a machine learning approach to corner detection}},
    year = {2010},
    journal = {{\ldots} Analysis and Machine {\ldots}},
    author = {Rosten, Edward and Porter, Reid and Drummond, Tom},
    pages = {1--35},
    url = {http://ieeexplore.ieee.org/xpls/abs_all.jsp?arnumber=4674368},
    arxivId = {arXiv:0810.2434v1}
}

@article{Moulin2010FusionClassification,
    title = {{Fusion of tf. idf weighted bag of visual features for image classification}},
    year = {2010},
    journal = {Content-Based Multimedia {\ldots}},
    author = {Moulin, Christophe and Barat, C and Ducottet, Christophe},
    url = {http://ieeexplore.ieee.org/xpls/abs_all.jsp?arnumber=5529901},
    isbn = {9781424480272}
}

@article{Sarvaiya2012ImageScale,
    title = {{Image Registration Using Log Polar Transform and Phase Correlation to Recover Higher Scale}},
    year = {2012},
    author = {Sarvaiya, Jignesh N},
    pages = {90--105},
    volume = {7},
    keywords = {fast fourier transform, fft, image registration, log-, log-polar transform, lpt}
}

@article{OHara2011IntroductionRetrieval,
    title = {{Introduction to the bag of features paradigm for image classification and retrieval}},
    year = {2011},
    journal = {Arxiv preprint arXiv:1101.3354},
    author = {O'Hara, S and Draper, BA},
    url = {http://arxiv.org/abs/1101.3354}
}

@article{Zhang2012LNCSRetrieval,
    title = {{LNCS 7573 - Query Specific Fusion for Image Retrieval}},
    year = {2012},
    author = {Zhang, Shaoting and Yang, Ming},
    pages = {660--673}
}

@article{Girod2011MobileSearch,
    title = {{Mobile visual search}},
    year = {2011},
    journal = {Signal Processing {\ldots}},
    author = {Girod, B and Chandrasekhar, V},
    pages = {1--11},
    url = {http://ieeexplore.ieee.org/xpls/abs_all.jsp?arnumber=5888642}
}

@article{LinObjectRe-ranking,
    title = {{Object retrieval and localization with spatially-constrained similarity measure and k-NN re-ranking}},
    author = {Lin, Zhe and Brandt, Jonathan and Ave, Park and Jose, San}
}

@misc{P276-Aslam.Pdf,
    title = {{P276-Aslam.Pdf}}
}

@misc{P65-Kuo.Pdf,
    title = {{P65-Kuo.Pdf}}
}

@article{Breiman1999RandomForests,
    title = {{Random forests}},
    year = {1999},
    author = {Breiman, Leo},
    pages = {1--35}
}

@article{Alcantara2009Real-timeGPU,
    title = {{Real-time parallel hashing on the GPU}},
    year = {2009},
    journal = {ACM Transactions on {\ldots}},
    author = {Alcantara, DA and Sharf, A},
    url = {http://dl.acm.org/citation.cfm?id=1618500},
    keywords = {2008, 2008a, 2008b, and octrees, cuckoo hashing, decoro and tatarchuk 2007, gpu computing, hash tables, in general, parallel, parallel data structures, sun et al, the problem of defin-, trees, zhou et al}
}

@article{Bosch2007RepresentingKernel,
    title = {{Representing shape with a spatial pyramid kernel}},
    year = {2007},
    journal = {Proceedings of the 6th ACM {\ldots}},
    author = {Bosch, Anna and Zisserman, Andrew and Munoz, X},
    url = {http://dl.acm.org/citation.cfm?id=1282340},
    isbn = {9781595937339},
    keywords = {object and video, shape features, spatial pyramid kernel}
}

@inproceedings{Jaderberg2015SpatialNetworks,
    title = {{Spatial Transformer Networks}},
    year = {2015},
    booktitle = {NIPS},
    author = {Jaderberg, Max and Simonyan, Karen and Zisserman, Andrew and Kavukcuoglu, Koray},
    pages = {1--14}
}

@article{JaderbergSpatialNetworks,
    title = {{Spatial Transformer Networks}},
    author = {Jaderberg, Max},
    pages = {1--9},
    arxivId = {1506.02025v1}
}

@article{YangSuggestiveSegmentation,
    title = {{Suggestive Annotation : A Deep Active Learning Framework for Biomedical Image Segmentation}},
    author = {Yang, Lin and Zhang, Yizhe and Chen, Jianxu and Zhang, Siyuan and Chen, Danny Z},
    number = {1},
    pages = {1--8},
    arxivId = {arXiv:1706.04737v1}
}

@article{2014TackleTower,
    title = {{Tackle the Tower}},
    year = {2014},
    pages = {2014}
}